<record><leader>00000cas a22000007a 4500</leader><controlfield tag="001">16932682</controlfield><controlfield tag="008">871103d19151918ohudn ne      0    0eng d</controlfield><datafield ind1=" " ind2=" " tag="010"><subfield code="a">sn 87076807 </subfield></datafield><datafield ind1=" " ind2=" " tag="040"><subfield code="a">ONP</subfield><subfield code="b">eng</subfield><subfield code="c">ONP</subfield><subfield code="d">OCLCQ</subfield></datafield><datafield ind1=" " ind2=" " tag="042"><subfield code="a">msc</subfield></datafield><datafield ind1="0" ind2="0" tag="245"><subfield code="a">Van Wert morning times.</subfield></datafield><datafield ind1=" " ind2=" " tag="260"><subfield code="a">Van Wert, Ohio :</subfield><subfield code="b">Times Print. Co.,</subfield><subfield code="c">-1918.</subfield></datafield><datafield ind1=" " ind2=" " tag="300"><subfield code="a">v.</subfield></datafield><datafield ind1=" " ind2=" " tag="310"><subfield code="a">Daily (except Mon.)</subfield></datafield><datafield ind1="1" ind2=" " tag="362"><subfield code="a">Began in 1915? Ceased with Dec. 31, 1918 issue.</subfield></datafield><datafield ind1="0" ind2=" " tag="362"><subfield code="a">-v. 15, no. 134 (Dec. 31, 1918).</subfield></datafield><datafield ind1=" " ind2=" " tag="588"><subfield code="a">Description based on: Vol. 12, no. 51 (Sept. 23, 1915).</subfield></datafield><datafield ind1=" " ind2="4" tag="651"><subfield code="a">Van Wert (Ohio)</subfield><subfield code="v">Newspapers.</subfield></datafield><datafield ind1=" " ind2="4" tag="651"><subfield code="a">Van Wert County (Ohio)</subfield><subfield code="v">Newspapers.</subfield></datafield><datafield ind1=" " ind2=" " tag="752"><subfield code="a">United States</subfield><subfield code="b">Ohio</subfield><subfield code="c">Van Wert</subfield><subfield code="d">Van Wert.</subfield></datafield><datafield ind1="0" ind2="0" tag="780"><subfield code="t">Daily times (Van Wert, Ohio)</subfield><subfield code="w">(DLC)sn 87076806</subfield></datafield><datafield ind1="0" ind2="0" tag="785"><subfield code="t">Van Wert times (Van Wert, Ohio : 1919)</subfield><subfield code="w">(DLC)sn 87076809</subfield></datafield></record>